@manual{InstStats,
  title =         {Instagram Statistics},
  year =          {Accessed June 23, 2016},
  note=           {\url{https://www.instagram.com/press}}
}

@manual{YouStats,
  title =         {Hours of video uploaded to YouTube every minute as of
                   July 2015},
  year =          {Accessed June 23, 2016},
  note =           {\url{http://www.statista.com/statistics/259477/
                  hours-of-video-uploaded-to-youtube-every-minute/}},
}

@inproceedings{ImagenetOrig,
  author =        {J. Deng and W. Dong and R. Socher and L. J. Li and
                   Kai Li and Li Fei-Fei},
  booktitle =     {Proceedings of the IEEE Conference on Computer Vision
                   and Pattern Recognition},
  COMmonth =         {June},
  COMpages =         {248-255},
  title =         {{ImageNet}: A large-scale hierarchical image database},
  year =          {2009},
  COMdoi =        {10.1109/CVPR.2009.5206848},
  COMissn =          {1063-6919},
}

@article{ILSVRC15,
  author =        {Olga Russakovsky and Jia Deng and Hao Su and
                   Jonathan Krause and Sanjeev Satheesh and Sean Ma and
                   Zhiheng Huang and Andrej Karpathy and Aditya Khosla and
                   Michael Bernstein and Alexander C. Berg and
                   Li Fei-Fei},
  journal =       {International Journal of Computer Vision (IJCV)},
  COMnumber =        {3},
  COMpages =         {211-252},
  title =         {{ImageNet Large Scale Visual Recognition Challenge}},
  COMvolume =        {115},
  year =          {2015},
  COMdoi =        {10.1007/s11263-015-0816-y},
}

@inproceedings{yosinski2014transferable,
  author =        {Yosinski, Jason and Clune, Jeff and Bengio, Yoshua and
                   Lipson, Hod},
  booktitle =     {Advances in neural information processing systems},
  COMpages =         {3320--3328},
  title =         {How transferable are features in deep neural
                   networks?},
  year =          {2014},
}

@inproceedings{Vinyals_2015_CVPR,
  author =        {Vinyals, Oriol and Toshev, Alexander and Bengio, Samy and
                   Erhan, Dumitru},
  booktitle =     {Proceedings of the IEEE Conference on Computer Vision
                   and Pattern Recognition},
  COMmonth =         {June},
  title =         {Show and Tell: A Neural Image Caption Generator},
  year =          {2015},
}

@inproceedings{ShettyACMMM2016Wrk,
  author =        {Shetty, Rakshith and R-Tavakoli, Hamed and
                   Laaksonen, Jorma},
  booktitle =     {ACMMM Vision and Language Integration Meets Multimedia Fusion Workshop},
  title =         {Exploiting Scene Context for Image Captioning},
  year =          {2016},
}

@article{shetty2015video,
  author =        {Shetty, Rakshith and Laaksonen, Jorma},
  journal =       {IEEE International Conference on Computer Vision Workshop on LSMDC},
  title =         {Video captioning with recurrent networks based on
                   frame-and video-level features and visual content
                   classification},
  volume =        {abs/1512.02949},
  year =          {2015},
}

@inproceedings{ShettyACMMM2016,
  author =        {Shetty, Rakshith and Laaksonen, Jorma},
  booktitle =     {Proceedings of the ACMMM Multimedia Grand Challenge Solutions},
  title =         {Frame- and Segment-Level Features and Candidate Pool
                   Evaluation for Video Caption Generation},
  year =          {2016},
}

@inproceedings{Krizhevsky2012,
  author =        {Alex Krizhevsky and Ilya Sutskever and Geoff Hinton},
  booktitle =     {Advances in neural information processing systems},
  title =         {{ImageNet} Classification with Deep Convolutional
                   Neural Networks},
  year =          {2012},
}

@inproceedings{he2015delving,
  author =        {He, Kaiming and Zhang, Xiangyu and Ren, Shaoqing and
                   Sun, Jian},
  booktitle =     {Proceedings of the IEEE International Conference on
                   Computer Vision},
  COMpages =         {1026--1034},
  title =         {Delving deep into rectifiers: Surpassing human-level
                   performance on imagenet classification},
  year =          {2015},
}

@inproceedings{Donahue2014,
  author =        {Jeff Donahue and Yangqing Jia and Oriol Vinyals and
                   Judy Hoffman and Ning Zhang and Eric Tzeng and
                   Trevor Darrell},
  booktitle =     {Proceedings of the International Conference on Machine Learning},
  title =         {{DeCAF}: {A} Deep Convolutional Activation Feature
                   for Generic Visual Recognition},
  year =          {2014},
}

@inproceedings{Razavian2014CVPR,
  author =        {Sharif Razavian, Ali and Azizpour, Hossein and
                   Sullivan, Josephine and Carlsson, Stefan},
  booktitle =     {Proceedings of the IEEE Conference on Computer Vision and Pattern
                   Recognition Workshops},
  COMmonth =         {June},
  title =         {CNN Features Off-the-Shelf: An Astounding Baseline
                   for Recognition},
  year =          {2014},
}

@inproceedings{DBLP:journals/corr/SzegedyLJSRAEVR14,
  title={Going deeper with convolutions},
  author={Szegedy, Christian and Liu, Wei and Jia, Yangqing and Sermanet,
          Pierre and Reed, Scott and Anguelov, Dragomir and Erhan, Dumitru and
          Vanhoucke, Vincent and Rabinovich, Andrew},
  booktitle={Proceedings of the IEEE Conference on Computer Vision and Pattern
             Recognition},
  COMpages={1--9},
  year={2015}
}

@article{Simonyan14c,
  author =        {Simonyan, K. and Zisserman, A.},
  journal =       {arXiv},
  title =         {Very Deep Convolutional Networks for Large-Scale
                   Image Recognition},
  volume =        {abs/1409.1556},
  year =          {2014},
}

@inproceedings{DBLP:conf/cvpr/WangKSL11,
  author =        {Heng Wang and Alexander Kl{\"{a}}ser and
                   Cordelia Schmid and Cheng{-}Lin Liu},
  booktitle =     {Proceedings of the {IEEE} Conference on Computer
                   Vision and Pattern Recognition},
  COMpages =         {3169--3176},
  publisher =     {{IEEE} Computer Society},
  title =         {Action recognition by dense trajectories},
  year =          {2011},
  COMdoi =           {10.1109/CVPR.2011.5995407},
  COMurl =           {http://dx.doi.org/10.1109/CVPR.2011.5995407},
}

@inproceedings{Wang2013,
  author =        {Heng Wang and Cordelia Schmid},
  booktitle =     {Proceedings of the IEEE International Conference on Computer Vision},
  title =         {Action Recognition with Improved Trajectories},
  year =          {2013},
  COMurl =           {http://hal.inria.fr/hal-00873267},
}

@article{3dCNN_ji2013,
  author =        {S. Ji and W. Xu and M. Yang and K. Yu},
  journal =       {IEEE Transactions on Pattern Analysis and Machine
                   Intelligence},
  COMmonth =         {Jan},
  COMnumber =        {1},
  COMpages =         {221-231},
  title =         {3D Convolutional Neural Networks for Human Action
                   Recognition},
  COMvolume =        {35},
  year =          {2013},
  COMdoi =           {10.1109/TPAMI.2012.59},
  COMissn =          {0162-8828},
}

@inproceedings{KarpathyCVPR14,
  author =        {Andrej Karpathy and George Toderici and
                   Sanketh Shetty and Thomas Leung and Rahul Sukthankar and
                   Li Fei-Fei},
  booktitle =     {Proceedings of the IEEE Conference on Computer Vision
                   and Pattern Recognition},
  title =         {Large-scale Video Classification with Convolutional
                   Neural Networks},
  year =          {2014},
}

@article{DBLP:C3D,
  author =        {Du Tran and Lubomir D. Bourdev and Rob Fergus and
                   Lorenzo Torresani and Manohar Paluri},
  journal =       {arXiv},
  title =         {{C3D}: Generic Features for Video Analysis},
  volume =        {abs/1412.0767},
  year =          {2014},
  COMurl =           {http://arxiv.org/abs/1412.0767},
}

@inproceedings{venugopalan2015sequence,
  author =        {Venugopalan, Subhashini and Rohrbach, Marcus and
                   Donahue, Jeffrey and Mooney, Raymond and
                   Darrell, Trevor and Saenko, Kate},
  booktitle =     {Proceedings of the IEEE International Conference on
                   Computer Vision},
  COMpages =         {4534--4542},
  title =         {Sequence to sequence-video to text},
  year =          {2015},
}

@article{berger1996maximum,
  author =        {Berger, Adam L and Pietra, Vincent J Della and
                   Pietra, Stephen A Della},
  journal =       {Computational Linguistics},
  COMnumber =        {1},
  COMpages =         {39--71},
  publisher =     {MIT Press},
  title =         {A maximum entropy approach to natural language
                   processing},
  volume =        {22},
  year =          {1996},
}

@inproceedings{mikolov2010recurrent,
  author =        {Mikolov, Tomas and Karafi{\'a}t, Martin and
                   Burget, Lukas and Cernock{\`y}, Jan and
                   Khudanpur, Sanjeev},
  booktitle =     {Interspeech},
  COMpages =         {3},
  title =         {Recurrent neural network based language model},
  COMvolume =        {2},
  year =          {2010},
}

@article{bahdanau2014neural,
  author =        {Bahdanau, Dzmitry and Cho, Kyunghyun and
                   Bengio, Yoshua},
  journal =       {arXiv}, 
  title =         {Neural machine translation by jointly learning to
                   align and translate},
  volume = {abs/1409.0473},
  year =          {2014},
}

@article{weston2010large,
  author =        {Weston, Jason and Bengio, Samy and Usunier, Nicolas},
  journal =       {Machine Learning},
  COMnumber =        {1},
  COMpages =         {21--35},
  publisher =     {Springer},
  title =         {Large scale image annotation: learning to rank with
                   joint word-image embeddings},
  volume =        {81},
  year =          {2010},
}

@inproceedings{frome2013devise,
  author =        {Frome, Andrea and Corrado, Greg S and Shlens, Jon and
                   Bengio, Samy and Dean, Jeff and Mikolov, Tomas and
                   others},
  booktitle =     {Advances in neural information processing systems},
  COMpages =         {2121--2129},
  title =         {Devise: A deep visual-semantic embedding model},
  year =          {2013},
}

@inproceedings{mikolov2013distributed,
  author =        {Mikolov, Tomas and Sutskever, Ilya and Chen, Kai and
                   Corrado, Greg S and Dean, Jeff},
  booktitle =     {Advances in neural information processing systems},
  COMpages =         {3111--3119},
  title =         {Distributed representations of words and phrases and
                   their compositionality},
  year =          {2013},
}

@article{norouzi2013zero,
  author =        {Norouzi, Mohammad and Mikolov, Tomas and Bengio, Samy and
                   Singer, Yoram and Shlens, Jonathon and Frome, Andrea and
                   Corrado, Greg S and Dean, Jeffrey},
  journal =       {arXiv},
  title =         {Zero-shot learning by convex combination of semantic
                   embeddings},
  volume = {abs/1312.5650},
  year =          {2013},
}

@inproceedings{Farhadi2010,
  author =        {Farhadi, Ali and Hejrati, Mohsen and
                   Sadeghi, Mohammad Amin and Young, Peter and
                   Rashtchian, Cyrus and Hockenmaier, Julia and
                   Forsyth, David},
  booktitle =     {European Conference on Computer Vision},
  COMpages =         {15--29},
  title =         {Every Picture Tells a Story: Generating Sentences
                   from Images},
  year =          {2010},
  COMisbn =          {3-642-15560-X, 978-3-642-15560-4},
}

@article{Hodosh2013,
  author =        {M. Hodosh and P. Young and J. Hockenmaier},
  journal =       {Journal of Artificial Intelligence Research},
  COMpages =         {853-899},
  title =         {Framing Image Description as a Ranking Task: Data,
                   Models and Evaluation Metrics},
  volume =        {47},
  year =          {2013},
}

@conference{Karpathy2014,
  author =        {Andrej Karpathy and Armand Joulin and Li Fei-Fei},
  booktitle =     {Advances in neural information processing systems},
  title =         {Deep Fragment Embeddings for Bidirectional Image
                   Sentence Mapping},
  year =          {2014},
}

@inproceedings{Li2011,
  author =        {Li, Siming and Kulkarni, Girish and Berg, Tamara L. and
                   Berg, Alexander C. and Choi, Yejin},
  booktitle =     {Proceedings of the Conference on Computational Natural Language Learning},
  COMpages =         {220--228},
  title =         {Composing Simple Image Descriptions Using Web-scale
                   N-grams},
  year =          {2011},
}

@article{kulkarni2013babytalk,
  author =        {Kulkarni, Girish and Premraj, Visruth and
                   Ordonez, Vicente and Dhar, Sagnik and Li, Siming and
                   Choi, Yejin and Berg, Alexander C and Berg, Tamara L},
  journal =       {IEEE Transactions on Pattern Analysis and Machine
                   Intelligence},
  COMnumber =        {12},
  COMpages =         {2891--2903},
  COMpublisher =     {IEEE},
  title =         {Babytalk: Understanding and generating simple image
                   descriptions},
  volume =        {35},
  year =          {2013},
}

@conference{Fang2015,
  author =        {Hao Fang and Saurabh Gupta and Forrest Iandola and
                   Rupesh Srivastava and Li Deng and Piotr Dollar and
                   Jianfeng Gao and Xiaodong He and Margaret Mitchell and
                   John Platt and Lawrence Zitnick and Geoffrey Zweig},
  booktitle =     {Proceedings of the IEEE Conference on Computer Vision
                   and Pattern Recognition},
  title =         {From Captions to Visual Concepts and Back},
  year =          {2015},
}

@inproceedings{Karpathy_2015_CVPR,
  author =        {Karpathy, Andrej and Fei-Fei, Li},
  booktitle =     {Proceedings of the IEEE Conference on Computer Vision
                   and Pattern Recognition},
  COMmonth =         {June},
  title =         {Deep Visual-Semantic Alignments for Generating Image
                   Descriptions},
  year =          {2015},
}

@inproceedings{donahue2015long,
  author =        {Donahue, Jeffrey and Anne Hendricks, Lisa and
                   Guadarrama, Sergio and Rohrbach, Marcus and
                   Venugopalan, Subhashini and Saenko, Kate and
                   Darrell, Trevor},
  booktitle =     {Proceedings of the IEEE Conference on Computer Vision
                   and Pattern Recognition},
  title =         {Long-term recurrent convolutional networks for visual
                   recognition and description},
  year =          {2015},
}

@article{DBLP:journals/corr/RohrbachTRTPLCS16,
  author =        {Anna Rohrbach and Atousa Torabi and Marcus Rohrbach and
                   Niket Tandon and Christopher J. Pal and
                   Hugo Larochelle and Aaron C. Courville and
                   Bernt Schiele},
  journal =       {arXiv},
  title =         {Movie Description},
  volume =        {abs/1605.03705},
  year =          {2016},
  COMurl =           {http://arxiv.org/abs/1605.03705},
}

@article{Xu2015show,
  author =        {Xu, Kelvin and Ba, Jimmy and Kiros, Ryan and
                   Cho, Kyunghyun and Courville, Aaron and
                   Salakhutdinov, Ruslan and Zemel, Richard and
                   Bengio, Yoshua},
  journal =       {arXiv},
  title =         {Show, Attend and Tell: Neural Image Caption
                   Generation with Visual Attention},
  volume =        {abs/1502.03044},
  year =          {2015},
}

@article{you2016image,
  author =        {You, Quanzeng and Jin, Hailin and Wang, Zhaowen and
                   Fang, Chen and Luo, Jiebo},
  journal =       {arXiv},
  volume =        {abs/1603.03925},
  title =         {Image Captioning with Semantic Attention},
  year =          {2016},
}

@inproceedings{yao2015describing,
  author =        {Yao, Li and Torabi, Atousa and Cho, Kyunghyun and
                   Ballas, Nicolas and Pal, Christopher and
                   Larochelle, Hugo and Courville, Aaron},
  booktitle =     {Proceedings of the IEEE International Conference on
                   Computer Vision},
  COMpages =         {4507--4515},
  title =         {Describing videos by exploiting temporal structure},
  year =          {2015},
}

@conference{Rashtchian2010,
  author =        {Cyrus Rashtchian and Peter Young and Micah Hodosh and
                   Julia Hockenmaier},
  booktitle =     {Procedings of the NAACL Conference on Human Language Technologies},
  title =         {Collecting Image Annotations Using Amazon's
                   Mechanical Turk},
  year =          {2010},
}

@article{Young2014,
  author =        {Peter Young and Alice Lai and Micah Hodosh and
                   Julia Hockenmaier},
  journal =       {Transactions of the Association for Computational Linguistics},
  COMpages =         {67--78},
  title =         {From image descriptions to visual denotations: New
                   similarity metrics for semantic inference over event
                   descriptions},
  volume =        {2},
  year =          {2014},
}

@inproceedings{Lin2014,
  author =        {Tsung-Yi Lin and Michael Maire and Serge Belongie and
                   James Hays and Pietro Perona and Deva Ramanan and
                   Piotr Dollar and C. Lawrence Zitnick},
  booktitle =     {Proceedings of the European Conference on Computer Vision},
  title =         {Microsoft {COCO}: Common Objects in Context},
  year =          {2014},
}

@inproceedings{chen2011collecting,
  author =        {Chen, David L and Dolan, William B},
  booktitle =     {Proceedings of the ACL Conference on Human
                   Language Technologies},
  organization =  {Association for Computational Linguistics},
  COMpages =         {190--200},
  title =         {Collecting highly parallel data for paraphrase
                   evaluation},
  year =          {2011},
}

@inproceedings{rohrbach15cvpr,
  author =        {Rohrbach, Anna and Rohrbach, Marcus and Tandon, Niket and
                   Schiele, Bernt},
  booktitle =     {Proceedings of the IEEE Conference on Computer Vision
                   and Pattern Recognition},
  title =         {A Dataset for Movie Description},
  year =          {2015},
}

@article{AtorabiM-VAD2015,
  author =        {Torabi, Atousa and Pal Chris and Larochelle Hugo and
                   Courville Aaron},
  journal =       {arXiv},
  title =         {Using Descriptive Video Services To Create a Large
                   Data Source For Video Annotation Research},
  volume =        {abs/1503.01070},
  year =          {2015},
}

@article{Hochreiter1997,
  address =       {Cambridge, MA, USA},
  author =        {Hochreiter, Sepp and Schmidhuber, J\"{u}rgen},
  journal =       {Neural Computing},
  COMmonth =         nov,
  COMnumber =        {8},
  COMpages =         {1735--1780},
  publisher =     {MIT Press},
  title =         {Long Short-Term Memory},
  volume =        {9},
  year =          {1997},
  COMdoi =           {10.1162/neco.1997.9.8.1735},
  COMissn =          {0899-7667},
  COMurl =           {http://dx.doi.org/10.1162/neco.1997.9.8.1735},
}

@misc{rmspropTielman,
  author =        {Hinton, Geoffrey},
  howpublished =  {\emph{COURSERA}: Neural Networks for Machine
                   Learning},
  title =         {Lecture 6.5-rmsprop: Divide the gradient by a running
                   average of its recent magnitude},
  year =          {2012},
}

@article{ZarembaSV14,
  author =        {Wojciech Zaremba and Ilya Sutskever and
                   Oriol Vinyals},
  journal =       {arXiv},
  title =         {Recurrent Neural Network Regularization},
  volume =        {abs/1409.2329},
  year =          {2014},
  COMurl =           {http://arxiv.org/abs/1409.2329},
}

@inproceedings{Papineni:BLEU,
  COMaddress =       {Stroudsburg, PA, USA},
  author =        {Papineni, Kishore and Roukos, Salim and Ward, Todd and
                   Zhu, Wei-Jing},
  booktitle =     {Proceedings of the Annual Meeting on Association
                   for Computational Linguistics},
  COMpages =         {311--318},
  publisher =     {ACL},
  COMseries =        {ACL '02},
  title =         {BLEU: A Method for Automatic Evaluation of Machine
                   Translation},
  year =          {2002},
  COMdoi =           {10.3115/1073083.1073135},
  COMurl =           {http://dx.doi.org/10.3115/1073083.1073135},
}

@article{lin2004rouge,
  author =        {Lin, Chin-Yew},
  journal =       {Text summarization branches out: Proceedings of the
                   ACL workshop},
  title =         {Rouge: A package for automatic evaluation of
                   summaries},
  volume =        {8},
  year =          {2004},
}

@inproceedings{denkowski-lavie:2014:Meteor,
  COMaddress =       {Baltimore, Maryland, USA},
  author =        {Denkowski, Michael and Lavie, Alon},
  booktitle =     {Proceedings of the Ninth Workshop on Statistical
                   Machine Translation},
  COMmonth =         {June},
  COMpages =         {376--380},
  publisher =     {ACL},
  title =         {Meteor Universal: Language Specific Translation
                   Evaluation for Any Target Language},
  year =          {2014},
  url =           {http://www.aclweb.org/anthology/W14-3348},
}

@inproceedings{Vedantam_2015_CVPR,
  author =        {Vedantam, Ramakrishna and Lawrence Zitnick, C. and
                   Parikh, Devi},
  booktitle =     {The IEEE Conference on Computer Vision and Pattern
                   Recognition},
  COMmonth =         {June},
  title =         {CIDEr: Consensus-Based Image Description Evaluation},
  year =          {2015},
}

@misc{lsun2015CaptionSlides,
  author =        {Cui, Yin and Ruggero Ronchi, Matteo and
                   Lin, Tsung-Yi},
  howpublished =  {{Large-scale Scene Understanding Workshop}},
  title =         {1st Captioning Challenge Slides},
  year =          {2015},
  url =           {http://lsun.cs.princeton.edu/slides/caption_open.pdf},
}

@inproceedings{Zhou2014NIPS,
  author =        {Zhou, Bolei and Lapedriza, Agata and Xiao, Jianxiong and
                   Torralba, Antonio and Oliva, Aude},
  booktitle =     {Advances in Neural Information Processing Systems},
  COMeditor =        {Z. Ghahramani and M. Welling and C. Cortes and
                   N. D. Lawrence and K. Q. Weinberger},
  COMpages =         {487--495},
  COMpublisher =     {Curran Associates, Inc.},
  title =         {Learning Deep Features for Scene Recognition using
                   Places Database},
  year =          {2014},
  COMurl =           {http://papers.nips.cc/paper/
  5349-learning-deep-features-for-scene-recognition-using-places-database.pdf},
}

@article{Gong2014,
  author =        {Yunchao Gong and Liwei Wang and Ruiqi Guo and
                   Svetlana Lazebnik},
  COMmonth =         {March},
  journal =          {arXiv},
  title =         {Multi-scale Orderless Pooling of Deep Convolutional
                   Activation Features},
  volume = {abs/1403.1840},
  year =          {2014},
}

@inproceedings{Vedaldi2010,
  author =        {A. Vedaldi and A. Zisserman},
  booktitle =     {Proceedings of the IEEE Conference on Computer Vision and
                   Pattern Recognition},
  title =         {Efficient Additive Kernels via Explicit Feature Maps},
  year =          {2010},
}

@article{Li2013,
  author =        {Xirong Li and Cees G. M. Snoek and Marcel Worring and
                   Dennis C. Koelma and Arnold W. M. Smeulders},
  journal =       {{IEEE} Transactions on Multimedia},
  COMmonth =         {June},
  COMnumber =        {4},
  COMpages =         {933--945},
  title =         {Bootstrapping Visual Categorization with Relevant
                   Negatives},
  volume =        {15},
  year =          {2013},
}

@inproceedings{Xiao2010,
  author =        {Jianxiong Xiao and Hays, J. and Ehinger, K.A. and
                   Oliva, A. and Torralba, A.},
  booktitle =     {Proceedings of the IEEE Conference on Computer Vision and
                   Pattern Recognition},
  COMmonth =         {June},
  COMpages =         {3485-3492},
  title =         {{SUN} database: {L}arge-scale scene recognition from
                   abbey to zoo},
  year =          {2010},
  COMdoi =           {10.1109/CVPR.2010.5539970},
}

@article{Xiao2014,
  author =        {Xiao, Jianxiong and Ehinger, Krista A. and
                   Hays, James and Torralba, Antonio and Oliva, Aude},
  journal =       {International Journal of Computer Vision},
  COMpages =         {1--20},
  title =         {SUN Database: Exploring a Large Collection of Scene
                   Categories},
  year =          {2014},
  COMdoi =           {10.1007/s11263-014-0748-y},
  COMissn =          {1573-1405},
  COMurl =           {http://dx.doi.org/10.1007/s11263-014-0748-y},
}

@article{LIBSVM,
  author =        {Chang, Chih-Chung and Lin, Chih-Jen},
  journal =       {ACM Transactions on Intelligent Systems and
                   Technology},
  COMpages =         {27:1--27:27},
  title =         {{LIBSVM}: A library for support vector machines},
  volume =        {2},
  year =          {2011},
}

@article{ren15fasterrcnn,
  author =        {Shaoqing Ren and Kaiming He and Ross Girshick and
                   Jian Sun},
  journal =       {arXiv},
  volume =        {abs/1506.01497},
  title =         {{Faster R-CNN}: Towards Real-Time Object Detection
                   with Region Proposal Networks},
  year =          {2015},
}

@inproceedings{He2015,
  author =        {Kaiming He and Xiangyu Zhang and Shaoqing Ren and
                   Jian Sun},
  booktitle =     {Proceeding of IEEE Conference on Computer Vision and Pattern
                   Recognition},
  title =         {Deep Residual Learning for Image Recognition},
  year =          {2016},
}

@article{BrownClust,
  COMaddress =       {Cambridge, MA, USA},
  author =        {Brown, Peter F. and deSouza, Peter V. and
                   Mercer, Robert L. and Pietra, Vincent J. Della and
                   Lai, Jenifer C.},
  journal =       {Computational Linguistics},
  COMmonth =         dec,
  COMnumber =        {4},
  COMpages =         {467--479},
  publisher =     {MIT Press},
  title =         {Class-based N-gram Models of Natural Language},
  volume =        {18},
  year =          {1992},
  COMissn =          {0891-2017},
  COMurl =           {http://dl.acm.org/citation.cfm?id=176313.176316},
}

@inproceedings{kim:2014:CNNsent,
  COMaddress =       {Doha, Qatar},
  author =        {Kim, Yoon},
  booktitle =     {Proceedings of the Conference on Empirical
                   Methods in Natural Language Processing},
  COMmonth =         {October},
  COMpages =         {1746--1751},
  publisher =     {Association for Computational Linguistics},
  title =         {Convolutional Neural Networks for Sentence
                   Classification},
  year =          {2014},
  COMurl =           {http://www.aclweb.org/anthology/D14-1181},
}

@inproceedings{pennington2014glove,
  author =        {Jeffrey Pennington and Richard Socher and
                   Christopher D. Manning},
  booktitle =     {Proceedings of the Conference on Empirical
                   Methods in Natural Language Processing},
  COMpages =         {1532--1543},
  title =         {GloVe: Global Vectors for Word Representation},
  year =          {2014},
  COMurl =           {http://www.aclweb.org/anthology/D14-1162},
}

@misc{Bastien-Theano-2012,
  author =        {Bastien, Fr{\'{e}}d{\'{e}}ric and Lamblin, Pascal and
                   Pascanu, Razvan and Bergstra, James and
                   Goodfellow, Ian J. and Bergeron, Arnaud and
                   Bouchard, Nicolas and Bengio, Yoshua},
  howpublished =  {Deep Learning and Unsupervised Feature Learning NIPS
                   2012 Workshop},
  title =         {Theano: new features and speed improvements},
  year =          {2012},
  COMabstract =      {Theano is a linear algebra compiler that optimizes a
                   user’s symbolically-speciﬁed mathematical
                   computations to produce efﬁcient low-level
                   implementations. In this paper, we present new
                   features and efﬁciency improvements to Theano, and
                   benchmarks demonstrating Theano’s performance
                   relative to Torch7, a recently introduced machine
                   learning library, and to RNNLM, a C++ library
                   targeted at recurrent neural networks.},
}

@article{jia2014caffe,
  author =        {Jia, Yangqing and Shelhamer, Evan and Donahue, Jeff and
                   Karayev, Sergey and Long, Jonathan and Girshick, Ross and
                   Guadarrama, Sergio and Darrell, Trevor},
  journal =       {arXiv},
  volume =        {abs/1408.5093},
  title =         {Caffe: Convolutional Architecture for Fast Feature
                   Embedding},
  year =          {2014},
}

@article{Chen2015,
  author =        {Xinlei Chen and Hao Fang, Tsung-Yi Lin and
                   Ramakrishna Vedantam and Saurabh Gupta and
                   Piotr Dollár and C. Lawrence Zitnick},
  journal =       {arXiv},
  volume  =       {abs/1504.00325},
  title =         {Microsoft {COCO} Captions: Data Collection and
                   Evaluation Server},
  year =          {2015},
  COMurl =           {http://vision.cornell.edu/se3/wp-content/uploads/2015/04/
                  1504.00325v2.pdf},
}

@inproceedings{rohrbach2015long,
  author =        {Rohrbach, Anna and Rohrbach, Marcus and
                   Schiele, Bernt},
  booktitle =     {Proceedings of the German Conference on Pattern Recognition},
  organization =  {Springer},
  COMpages =         {209--221},
  title =         {The long-short story of movie description},
  year =          {2015},
}

@article{johnson2015densecap,
  author =        {Johnson, Justin and Karpathy, Andrej and Fei-Fei, Li},
  journal =       {arXiv},
  volume =        {abs/1511.07571},
  title =         {Densecap: Fully convolutional localization networks
                   for dense captioning},
  year =          {2015},
}

@article{yu2015video,
  author =        {Yu, Haonan and Wang, Jiang and Huang, Zhiheng and
                   Yang, Yi and Xu, Wei},
  journal =       {arXiv},
  volume  =       {abs/1510.07712},
  title =         {Video paragraph captioning using hierarchical
                   recurrent neural networks},
  year =          {2015},
}

@inproceedings{schuster2015generating,
  COMaddress =       {Lisbon, Portugal},
  author =        {Schuster, Sebastian and Krishna, Ranjay and
                   Chang, Angel and Fei-Fei, Li and
                   Manning, Christopher D.},
  booktitle =     {Workshop on Vision and Language},
  COMmonth =         {September},
  publisher =     {ACL},
  title =         {Generating Semantically Precise Scene Graphs from
                   Textual Descriptions for Improved Image Retrieval},
  year =          {2015},
}

@inproceedings{johnson2015image,
  author =        {Johnson, Justin and Krishna, Ranjay and
                   Stark, Michael and Li, Li-Jia and Shamma, David A and
                   Bernstein, Michael S and Fei-Fei, Li},
  booktitle =     {Proceedings of IEEE Conference on Computer Vision and Pattern
                   Recognition},
  organization =  {IEEE},
  COMpages =         {3668--3678},
  title =         {Image retrieval using scene graphs},
  year =          {2015},
}
@article{maron1998framework,
  title={A framework for multiple-instance learning},
  author={Maron, Oded and Lozano-P{\'e}rez, Tom{\'a}s},
  journal={Advances in neural information processing systems},
  COMpages={570--576},
  year={1998},
  COMpublisher={Morgan Kaufmann Publishers}
}

@article{cortes1995support,
  title={Support-vector networks},
  author={Cortes, Corinna and Vapnik, Vladimir},
  journal={Machine Learning},
  volume={20},
  COMnumber={3},
  COMpages={273--297},
  year={1995},
  publisher={Springer}
}
@inproceedings{perronnin2010improving,
  title={Improving the fisher kernel for large-scale image classification},
  author={Perronnin, Florent and S{\'a}nchez, Jorge and Mensink, Thomas},
  booktitle={Proceedings of the European Conference on Computer Vision},
  COMpages={143--156},
  year={2010},
  COMorganization={Springer}
}
@inproceedings{Xu:CVPR16,
title={{MSR-VTT}: A Large Video Description Dataset for Bridging Video and Language},
author={Jun Xu and Tao Mei and Ting Yao and Yong Rui},
booktitle={Proceedings of the IEEE Conference on Computer Vision and Pattern Recognition},
year={2016}
}

@article{krishnavisualgenome,
  title={Visual Genome: Connecting Language and Vision Using
  Crowdsourced Dense Image Annotations},
  author={Krishna, Ranjay and Zhu, Yuke and Groth, Oliver and Johnson,
  Justin and Hata, Kenji and Kravitz, Joshua and Chen,
  Stephanie and Kalantidis, Yannis and Li, Li-Jia and Shamma,
  David A and Bernstein, Michael and Fei-Fei, Li},
  journal = {arXiv},
  volume = {abs/1602.07332},
  year = {2016},
  COMurl = {https://arxiv.org/abs/1602.07332},
}
@inproceedings{Sountsov2016LengthBI,
  title={Length bias in Encoder Decoder Models and a Case for Global Conditioning},
  author={Pavel Sountsov and Sunita Sarawagi},
  booktitle={EMNLP},
  year={2016}
}
@inproceedings{lamb2016professor,
  title={Professor forcing: A new algorithm for training recurrent networks},
  author={Lamb, Alex M and GOYAL, Anirudh Goyal ALIAS PARTH and Zhang, Ying and Zhang, Saizheng and Courville, Aaron C and Bengio, Yoshua},
  booktitle={Advances In Neural Information Processing Systems},
  year={2016}
}
@article{yu2016seqgan,
  title={Seqgan: sequence generative adversarial nets with policy gradient},
  author={Yu, Lantao and Zhang, Weinan and Wang, Jun and Yu, Yong},
  volume =  {abs/1609.05473},
  journal = {arXiv},
  year={2016}
}
@article{jang2016categorical,
  title={Categorical Reparameterization with Gumbel-Softmax},
  author={Jang, Eric and Gu, Shixiang and Poole, Ben},
  journal={arXiv},
  volume = {abs/1611.01144},
  year={2016}
}
@article{rennie2016self,
  title={Self-critical Sequence Training for Image Captioning},
  author={Rennie, Steven J and Marcheret, Etienne and Mroueh, Youssef and Ross, Jarret and Goel, Vaibhava},
  journal={arXiv},
  volume = {abs/1612.00563},
  year={2016}
}
@inproceedings{bengio2015scheduled,
  title={Scheduled sampling for sequence prediction with recurrent neural networks},
  author={Bengio, Samy and Vinyals, Oriol and Jaitly, Navdeep and Shazeer, Noam},
  booktitle={Advances in Neural Information Processing Systems},
  year={2015}
}
